% Encoding: UTF-8

@book{ref:Beispiel,
  author = {Locksmith, Peter},
  title  = {Experimentalphysik 1: Mechanik und WÃ¤rme},
  year   = {666},
  isbn   = {42069},
  month  = {0},
  doi    = {99}
}

@Comment{jabref-meta: databaseType:bibtex;}
