% Encoding: UTF-8

@Misc{ref:uncertainties,
  author       = {Eric O. Lebigot},
  howpublished = {Website},
  title        = {Uncertainties: a Python package for calculations with uncertainties},
  year         = {o. D.},
  groups       = {LU_Ex1},
  url          = {https://pythonhosted.org/uncertainties/},
}

@Software{ref:LabTool,
  author       = {Bierbunker and Xyhlon and zandivx and corkium and etschgi1},
  date         = {2022-01-01},
  editor       = {Biermeister},
  title        = {Lab-Tool},
  howpublished = {PyPI},
  location     = {Austria},
  organization = {Biermeister},
  pubstate     = {alpha},
  url          = {https://github.com/Bierbunker/Lab-Tool},
  urldate      = {2022-01-01},
  version      = {0.0.2-alpha},
}

@Comment{jabref-meta: databaseType:biblatex;}